% List of journal abbreviations.  Includes everything from the MNRAS guide, plus additions.

@string{     aandg = "A\&G"}
@string{       aap = "A\&A"}
@string{      aapr = "A\&A Rev."}
@string{      aaps = "A\&AS"}
@string{       aas = "AAS Abs."}
@string{     actaa = "Acta Astron."}
@string{       afz = "Afz"}
@string{     aipcs = "AIP Conf.\ Series"}
@string{        aj = "AJ"}
@string{    anchem = "Analytical Chem."}
@string{        ao = "Applied Optics"}
@string{       apj = "ApJ"}
@string{      apjl = "ApJ Lett."}
@string{      apjs = "ApJS"}
@string{    aplett = "Astrophys.\ Lett."}
@string{       app = "Astropart.\ Phys."}
@string{     apspr = "Astrophys.\ Space Phys.\ Res."}
@string{      apss = "Ap\&SS"}
@string{  apssproc = "Ap\&SS\ Proc."}
@string{      araa = "ARA\&A"}
@string{      arep = "Astron.\ Rep."}
@string{     arnps = "Annu.\ Rev.\ Nucl.\ Part.\ Sci."}
@string{     arxiv = "arXiv"}
@string{   aspacer = "Adv.\ Space Res."}
@string{      aspc = "ASP Conf.\ Ser."}
@string{      astl = "Astro.\ Lett."}
@string{      atel = "ATel"}
@string{     aujph = "Australian J.\ Phys."}
@string{       azh = "AZh"}
@string{      baas = "BAAS"}
@string{       bac = "Bull.\ Astron.\ Inst.\ Czechoslovakia"}
@string{      bain = "Bull.\ Astron.\ Inst.\ Netherlands"}
@string{      bell = "Bell Systems Tech.\ J."}
@string{       caa = "Chinese Astron.\ Astrophys."}
@string{      cjaa = "Chinese J.\ Astron.\ Astrophys."}
@string{    cosres = "Cosm.\ Res."}
@string{       cpc = "Comput.\ Phys.\ Commun."}
@string{    cphysc = "Chinese Phys.~C"}
@string{    cqgrav = "Class.\ Quant.\ Grav."}
@string{       crp = "Compt.\ Rend.\ Phys."}
@string{      dans = "Dokl.\ Akad.\ Nauk SSSR"}
@string{   dokphys = "Dokl.\ Phys."}
@string{       dps = "AAS Plan.\ Sci.\ Abs."}
@string{   easconf = "EAS Pub.\ Series"}
@string{      elec = "Electronics"}
@string{      epjc = "Eur.\ Phys.\ J.~C"}
@string{    epjwoc = "EPJ Web of Conf."}
@string{      epsl = "Earth and Plan.\ Sci.\ Lett."}
@string{      expa = "Exp.\ Astron."}
@string{       fcp = "Fundamentals Cosmic Phys."}
@string{     fphys = "Frontiers of Physics"}
@string{       gca = "Geochimica Cosmochimica Acta"}
@string{     geoji = "Geophys.\ J.\ Int'l"}
@string{       grl = "Geophys.\ Res.\ Lett."}
@string{       iaj = "Irish Astro.\ J."}
@string{   iaucirc = "IAU Circ."}
@string{   iauproc = "Proc.\ IAU"}
@string{      ibvs = "IBVS"}
@string{    icarus = "Icarus"}
@string{    ieeemi = "IEEE Trans.\ Med.\ Imaging"}
@string{   ieeemtt = "IEEE Trans.\ Microwave Theor.\ \& Techniques"}
@string{  ieeeproc = "Proc.\ IEEE"}
@string{   ieeetit = "IEEE Trans.\ Info.\ Theor."}
@string{   ieeetns = "IEEE Trans.\ Nucl.\ Sci."}
@string{     ijmpd = "Int'l J.\ Mod.\ Phys.~D"}
@string{ incimento = "Nuovo Cimento"}
@string{      invp = "Inverse Prob."}
@string{       jai = "J.\ Astron.\ Instrumentation"}
@string{      japa = "J.\ Astrophys.\ Astron."}
@string{     jastp = "J.\ Atmos.\ Sol.-Terr.\ Phys."}
@string{      jcap = "J.\ Cosmology Astropart.\ Phys."}
@string{    jcomph = "J.\ Comput.\ Phys."}
@string{       jcp = "J.\ Chem.\ Phys."}
@string{      jewa = "J.\ Electromagn.\ Wav.\ Appl."}
@string{     jgeod = "J.\ Geodesy"}
@string{       jgr = "J.\ Geophys.\ Res."}
@string{      jhep = "JHEP"}
@string{     jinst = "J.\ Instrumentation"}
@string{   jpsconf = "JPS Conf.\ Proc."}
@string{     jqsrt = "J.\ Quant.\ Spectrosc.\ Radiative Transfer"}
@string{     jrasc = "J.\ R.\ Astron.\ Soc.\ Canada"}
@string{      maps = "Meteoritics \& Plan.\ Sci."}
@string{    memras = "Mem.\ RAS"}
@string{    memsai = "Mem.\ Soc.\ Astron.\ Italiana"}
@string{       met = "Meteoritics"}
@string{     mnras = "MNRAS"}
@string{     mnrasl = "MNRAS Lett."}
@string{     moonp = "Moon and Plan."}
@string{      mpla = "Mod.\ Phys.\ Lett.~A"}
@string{       mps = "Meteoritics and Planetary Science"}
@string{        na = "New Astron."}
@string{       nar = "New Astron.\ Rev."}
@string{       nat = "Nature"}
@string{      nima = "Nucl.\ Instrum.\ Meth.~A"}
@string{     nimpr = "Nucl.\ Instrum.\ Meth.\ Phys.\ Res."}
@string{       njp = "New J.\ Phys."}
@string{   npbproc = "Nucl.\ Phys.~B Proc.\ Supp."}
@string{    nphysa = "Nuclear Phys.~A"}
@string{      nspu = "Phys.\ Uspekhi"}
@string{      pasa = "Publ.\ Astron.\ Soc.\ Australia"}
@string{      pasj = "PASJ"}
@string{      pasp = "PASP"}
@string{       phr = "Phys.\ Rev."}
@string{      phss = "Phys.\ Sol.\ Stat."}
@string{   physrep = "Phys.\ Rep."}
@string{   physscr = "Phys.\ Scr."}
@string{  physzeit = "Phys.\ Z."}
@string{       pla = "Phys.\ Lett.~A"}
@string{    planss = "Planet.\ Space Sci."}
@string{       plb = "Phys.\ Lett.~B"}
@string{       pop = "Phys.\ Plasmas"}
@string{       pra = "Phys.\ Rev.~A"}
@string{       prb = "Phys.\ Rev.~B"}
@string{       prc = "Phys.\ Rev.~C"}
@string{       prd = "Phys.\ Rev.~D"}
@string{       pre = "Phys.\ Rev.~E"}
@string{   privcom = "priv.\ comm."}
@string{       prl = "Phys.\ Rev.\ Lett."}
@string{   procsci = "Proc.\ Sci."}
@string{  procspie = "Proc.\ SPIE"}
@string{   progpnp = "Prog.\ Part.\ Nucl.\ Phys."}
@string{       pst = "Phys.\ Scr.~T"}
@string{      ptep = "Prog.\ Theor.\ Exp.\ Phys."}
@string{     qjras = "QJRAS"}
@string{    radres = "Radiation Res."}
@string{    radsci = "Radio Sci."}
@string{revsciinst = "Rev.\ Sci.\ Inst."}
@string{      rgsp = "Rev.\ Geophys.\ Space Phys."}
@string{     rmxaa = "Rev.\ Mex.\ Astron.\ Astrofis."}
@string{      rpph = "Rep.\ Prog.\ Phys."}
@string{       rqe = "Rad.\ \& Quan.\ Elec."}
@string{      rsla = "Proc.\ R.\ Soc.~A"}
@string{       sal = "Sov.\ Astron.\ Lett."}
@string{       sci = "Science"}
@string{    skytel = "Sky \& Telesc."}
@string{     solph = "Sol.\ Phys."}
@string{    sovast = "Soviet Ast."}
@string{    spjetp = "Sov.\ Phys.\ JETP"}
@string{   spjetpl = "Sov.\ Phys.\ JETP Lett."}
@string{       spu = "Sov.\ Phys.\ Usp."}
@string{       ssr = "Space Sci.\ Rev."}
@string{    yadfiz = "Yad.\ Fiz."}
@string{       zap = "Z.\ Astrophys."}
